DEMOKRATENCHAT auf Telegram:
https://t.me/DEMOKRATENCHAT3

@misc{Telegram:demokratenchat3,
	title = {{DEMOKRATENCHAT auf Telegram}},
	note = {},
	url = {https://t.me/DEMOKRATENCHAT3}
}

@misc{Telegram:demokratenchat3:regeln,
	title = {{Weitergeleitete Chatregeln von JS}},
	note = {},
	url = {https://t.me/DEMOKRATENCHAT/160734}
}
@misc{3,
	title = {{}},
	note = {},
	url = {https://www.gq-magazin.de/entertainment/artikel/attila-hildmann-verschwoerungstheorien-werden-immer-abstruser}
}
@misc{4,
	title = {{}},
	note = {},
	url = {https://www.tvmovie.de/news/attila-hildmann-hat-angst-vor-zwangseinweisung-in-psychiatrie-warnt-xavier-naidoo-112800}
}
@misc{5,
	title = {{}},
	note = {},
	url = {https://www.giga.de/news/attila-hildmann-mit-neuer-corona-theorie-das-ist-satans-plan/}
}
@misc{6,
	title = {{}},
	note = {},
	url = {https://www.spiegel.de/panorama/ken-jebsen-attila-hildmann-xavier-naidoo-die-unheimliche-macht-der-verschwoerungstheoretiker-a-00000000-0002-0001-0000-000170923490}
}
@misc{7,
	title = {{}},
	note = {},
	url = {https://www.faz.net/aktuell/rhein-main/region-und-hessen/verschwoerungstheorien-und-corona-welche-menschen-sind-anfaellig-16785730.html}
}
@misc{8,
	title = {{}},
	note = {},
	url = {https://www.xing.com/profile/Jutta_Schell}
}
@misc{9,
	title = {{}},
	note = {},
	url = {https://www.facebook.com/jutta.schell}
}
@misc{10,
	title = {{}},
	note = {},
	url = {https://t.me/DEMOKRATENCHAT/132553}
}
@misc{11,
	title = {{}},
	note = {},
	url = {https://adelsbergwidder.jimdofree.com/ich-%C3%BCber-mich/}
}
@misc{12,
	title = {{}},
	note = {},
	url = {http://www.widder-ag.de/datenbank/inh2.php?such=Bayern%20Sektion%20Oberpfalz%20Niederbayern}
}
@misc{13,
	title = {{}},
	note = {},
	url = {https://t.me/DEMOKRATENCHAT/16662}
}

@misc{14,
	title = {{}},
	note = {},
	url = {https://www.xing.com/profile/Jutta_Schell}
}
@misc{15,
	title = {{}},
	note = {},
	url = {https://t.me/DEMOKRATENCHAT/104943}
}
@misc{16,
	title = {{}},
	note = {},
	url = {https://t.me/DEMOKRATENCHAT/123455}
}
@misc{17,
	title = {{}},
	note = {},
	url = {https://t.me/DEMOKRATENCHAT/51336}
}
@misc{18,
	title = {{}},
	note = {},
	url = {https://t.me/DEMOKRATENCHAT/61288}
}
@misc{19,
	title = {{}},
	note = {},
	url = {https://www.gesetze-im-internet.de/luftsig/__7.html}
}
@misc{20,
	title = {{}},
	note = {},
	url = {https://www.gesetze-im-internet.de/bverfschg/__3.html}
}
@misc{21,
	title = {{}},
	note = {},
	url = {https://www.centerforhealthsecurity.org/event201/about}
}
@misc{22,
	title = {{}},
	note = {},
	url = {https://www.centerforhealthsecurity.org/event201/players/knuchel.html}
}
@misc{23,
	title = {{}},
	note = {},
	url = {https://www.dropbox.com/sh/ujllq8ecuhrr1j2/AABJI830BpB8Z70oOQhG4da5a/Event201?dl=0&subfolder_nav_tracking=1}
}
